@String(PAMI = {IEEE Trans. Pattern Anal. Mach. Intell.})
@String(IJCV = {Int. J. Comput. Vis.})
@String(CVPR= {IEEE Conf. Comput. Vis. Pattern Recog.})
@String(ICCV= {Int. Conf. Comput. Vis.})
@String(ECCV= {Eur. Conf. Comput. Vis.})
@String(NIPS= {Adv. Neural Inform. Process. Syst.})
@String(ICPR = {Int. Conf. Pattern Recog.})
@String(BMVC= {Brit. Mach. Vis. Conf.})
@String(TOG= {ACM Trans. Graph.})
@String(TIP  = {IEEE Trans. Image Process.})
@String(TVCG  = {IEEE Trans. Vis. Comput. Graph.})
@String(TMM  = {IEEE Trans. Multimedia})
@String(ACMMM= {ACM Int. Conf. Multimedia})
@String(ICME = {Int. Conf. Multimedia and Expo})
@String(ICASSP=	{ICASSP})
@String(ICIP = {IEEE Int. Conf. Image Process.})
@String(ACCV  = {ACCV})
@String(ICLR = {Int. Conf. Learn. Represent.})
@String(IJCAI = {IJCAI})
@String(PR   = {Pattern Recognition})
@String(AAAI = {AAAI})
@String(CVPRW= {IEEE Conf. Comput. Vis. Pattern Recog. Worksh.})
@String(CSVT = {IEEE Trans. Circuit Syst. Video Technol.})

@String(SPL	= {IEEE Sign. Process. Letters})
@String(VR   = {Vis. Res.})
@String(JOV	 = {J. Vis.})
@String(TVC  = {The Vis. Comput.})
@String(JCST  = {J. Comput. Sci. Tech.})
@String(CGF  = {Comput. Graph. Forum})
@String(CVM = {Computational Visual Media})


@String(PAMI  = {IEEE TPAMI})
@String(IJCV  = {IJCV})
@String(CVPR  = {CVPR})
@String(ICCV  = {ICCV})
@String(ECCV  = {ECCV})
@String(NIPS  = {NeurIPS})
@String(ICPR  = {ICPR})
@String(BMVC  =	{BMVC})
@String(TOG   = {ACM TOG})
@String(TIP   = {IEEE TIP})
@String(TVCG  = {IEEE TVCG})
@String(TCSVT = {IEEE TCSVT})
@String(TMM   =	{IEEE TMM})
@String(ACMMM = {ACM MM})
@String(ICME  =	{ICME})
@String(ICASSP=	{ICASSP})
@String(ICIP  = {ICIP})
@String(ACCV  = {ACCV})
@String(ICLR  = {ICLR})
@String(IJCAI = {IJCAI})
@String(PR = {PR})
@String(AAAI = {AAAI})
@String(CVPRW= {CVPRW})
@String(CSVT = {IEEE TCSVT})



@misc{Authors14,
 author = {FirstName LastName},
 title = {The frobnicatable foo filter},
 note = {Face and Gesture submission ID 324. Supplied as supplemental material {\tt fg324.pdf}},
 year = 2014
}

@misc{Authors14b,
 author = {FirstName LastName},
 title = {Frobnication tutorial},
 note = {Supplied as supplemental material {\tt tr.pdf}},
 year = 2014
}

@article{Alpher02,
author = {FirstName Alpher},
title = {Frobnication},
journal = PAMI,
volume = 12,
number = 1,
pages = {234--778},
year = 2002
}

@article{Alpher03,
author = {FirstName Alpher and  FirstName Fotheringham-Smythe},
title = {Frobnication revisited},
journal = {Journal of Foo},
volume = 13,
number = 1,
pages = {234--778},
year = 2003
}

@article{Alpher04,
author = {FirstName Alpher and FirstName Fotheringham-Smythe and FirstName Gamow},
title = {Can a machine frobnicate?},
journal = {Journal of Foo},
volume = 14,
number = 1,
pages = {234--778},
year = 2004
}

@inproceedings{Alpher05,
author = {FirstName Alpher and FirstName Gamow},
title = {Can a computer frobnicate?},
booktitle = CVPR,
pages = {234--778},
year = 2005
}

@INPROCEEDINGS{7780574,  author={Hu, Zhe and Yuan, Lu and Lin, Stephen and Yang, Ming-Hsuan},  booktitle={2016 IEEE Conference on Computer Vision and Pattern Recognition (CVPR)},   title={Image Deblurring Using Smartphone Inertial Sensors},   year={2016},  volume={},  number={},  pages={1855-1864},  doi={10.1109/CVPR.2016.205}}

@INPROCEEDINGS{8237771,  author={Nimisha, T M and Singh, Akash Kumar and Rajagopalan, A N},  booktitle={2017 IEEE International Conference on Computer Vision (ICCV)},   title={Blur-Invariant Deep Learning for Blind-Deblurring},   year={2017},  volume={},  number={},  pages={4762-4770},  doi={10.1109/ICCV.2017.509}}

@INPROCEEDINGS{6126276,  author={Hirsch, Michael and Schuler, Christian J. and Harmeling, Stefan and Schölkopf, Bernhard},  booktitle={2011 International Conference on Computer Vision},   title={Fast removal of non-uniform camera shake},   year={2011},  volume={},  number={},  pages={463-470},  doi={10.1109/ICCV.2011.6126276}}

@article{Sindelar2013ImageDI,
  title={Image deblurring in smartphone devices using built-in inertial measurement sensors},
  author={Ondrej Sindelar and Filip {\vS}roubek},
  journal={Journal of Electronic Imaging},
  year={2013},
  volume={22}
}
@ARTICLE{9444479,  author={Ji, Seowon and Hong, Jun-Pyo and Lee, Jeongmin and Baek, Seung-Jin and Ko, Sung-Jea},  journal={IEEE Access},   title={Robust Single Image Deblurring Using Gyroscope Sensor},   year={2021},  volume={9},  number={},  pages={80835-80846},  doi={10.1109/ACCESS.2021.3084968}}

@ARTICLE{8820138,  author={Wang, Qing and Tan, Jun and Xing, Tianzhang and Chen, Feng and Niu, Jinping},  journal={IEEE Access},   title={SID: Sensor-Assisted Image Deblurring System for Mobile Devices},   year={2019},  volume={7},  number={},  pages={146607-146619},  doi={10.1109/ACCESS.2019.2937137}}

@InProceedings{Aittala_2018_ECCV,
author = {Aittala, Miika and Durand, Fredo},
title = {Burst Image Deblurring Using Permutation Invariant Convolutional Neural Networks},
booktitle = {The European Conference on Computer Vision (ECCV)},
month = {September},
year = {2018}
} 
@article{article,
author = {Cai, Jian-Feng and Ji, Hui and Liu, Chaoqiang and Shen, Zuowei},
year = {2009},
month = {08},
pages = {5057-5071},
title = {Blind motion deblurring using multiple images},
volume = {228},
journal = {Journal of Computational Physics},
doi = {10.1016/j.jcp.2009.04.022}
}

@article{10.1145/1141911.1141956,
author = {Fergus, Rob and Singh, Barun and Hertzmann, Aaron and Roweis, Sam T. and Freeman, William T.},
title = {Removing Camera Shake from a Single Photograph},
year = {2006},
issue_date = {July 2006},
publisher = {Association for Computing Machinery},
address = {New York, NY, USA},
volume = {25},
number = {3},
issn = {0730-0301},
url = {https://doi.org/10.1145/1141911.1141956},
doi = {10.1145/1141911.1141956},
abstract = {Camera shake during exposure leads to objectionable image blur and ruins many photographs.
Conventional blind deconvolution methods typically assume frequency-domain constraints
on images, or overly simplified parametric forms for the motion path during camera
shake. Real camera motions can follow convoluted paths, and a spatial domain prior
can better maintain visually salient image characteristics. We introduce a method
to remove the effects of camera shake from seriously blurred images. The method assumes
a uniform camera blur over the image and negligible in-plane camera rotation. In order
to estimate the blur from the camera shake, the user must specify an image region
without saturation effects. We show results for a variety of digital photographs taken
from personal photo collections.},
journal = {ACM Trans. Graph.},
month = jul,
pages = {787–794},
numpages = {8},
keywords = {camera shake, natural image statistics, variational learning, blind image deconvolution}
}

@INPROCEEDINGS{8578443,  author={Vasu, Subeesh and Maligireddy, Venkatesh Reddy and Rajagopalan, A. N.},  booktitle={2018 IEEE/CVF Conference on Computer Vision and Pattern Recognition},   title={Non-blind Deblurring: Handling Kernel Uncertainty with CNNs},   year={2018},  volume={},  number={},  pages={3272-3281},  doi={10.1109/CVPR.2018.00345}}

@INPROCEEDINGS{6618928,  author={Schmidt, Uwe and Rother, Carsten and Nowozin, Sebastian and Jancsary, Jeremy and Roth, Stefan},  booktitle={2013 IEEE Conference on Computer Vision and Pattern Recognition},   title={Discriminative Non-blind Deblurring},   year={2013},  volume={},  number={},  pages={604-611},  doi={10.1109/CVPR.2013.84}}

@misc{mustaniemi2018gyroscopeaided,
      title={Gyroscope-Aided Motion Deblurring with Deep Networks}, 
      author={Janne Mustaniemi and Juho Kannala and Simo Särkkä and Jiri Matas and Janne Heikkilä},
      year={2018},
      eprint={1810.00986},
      archivePrefix={arXiv},
      primaryClass={cs.CV}
}